@ARTICLE{1271397,
author={S. J. {Julier} and J. K. {Uhlmann}},
journal={Proceedings of the IEEE},
title={Unscented filtering and nonlinear estimation},
year={2004},
volume={92},
number={3},
pages={401-422},
keywords={nonlinear estimation;covariance analysis;nonlinear systems;filtering theory;Kalman filters;nonlinear filters;unscented filtering;extended Kalman filter;nonlinear systems;unscented transformation;nonlinear transformations;nonlinear estimation;EKF;Filtering;Nonlinear systems;Target tracking;Control systems;Particle tracking;Kalman filters;Vehicles;Navigation;Chemical processes;Nonlinear control systems},
doi={10.1109/JPROC.2003.823141},
ISSN={1558-2256},
month={March},}

@book{kalman,
title = {Kalman Filtering: Theory and Practice with MATLAB, 4th Edition},
author = {Mohinder S. Grewal, Angus P. Andrews},
year = {2015},
publisher = {Wiley-IEEE Press},
ISBN = {978-1-118-85121-0}
}